<?xml version="1.0" encoding="UTF-8"?><collection xmlns="http://www.loc.gov/MARC21/slim"><record><leader>00346nam--2200121-i-4500</leader><controlfield tag="001">000002034</controlfield><controlfield tag="002">20161230</controlfield><controlfield tag="005">20161230201024</controlfield><controlfield tag="008">060222s1000------------r-----000-0-eng-d</controlfield><datafield ind1=" " ind2=" " tag="100"><subfield code="a">Esayan, L., Esayan, M</subfield></datafield><datafield ind1=" " ind2=" " tag="245"><subfield code="a">Fluidizarea.teoria procesului si aplicatiile in tehnica</subfield></datafield><datafield ind1=" " ind2=" " tag="260"><subfield code="a">Bucuresi, Editura Tehnica, 1959. 354 P. + 135 Fig</subfield></datafield><datafield ind1=" " ind2=" " tag="852"><subfield code="a">6358</subfield></datafield></record></collection>